<?xml version="1.0" encoding="UTF-8"?><collection xmlns="http://www.loc.gov/MARC21/slim"><record><leader>00400nam--2200133-i-4500</leader><controlfield tag="001">000037018</controlfield><controlfield tag="002">20161230</controlfield><controlfield tag="005">20161230201041</controlfield><controlfield tag="008">060222s1000------------r-----000-0-eng-d</controlfield><datafield ind1=" " ind2=" " tag="080"><subfield code="a">621.039.524.4(043)</subfield></datafield><datafield ind1=" " ind2=" " tag="100"><subfield code="a">Prins, Carel Albert</subfield></datafield><datafield ind1=" " ind2=" " tag="245"><subfield code="a">Aspects of two-phase, gas-liquid, separation related to nuclear steam supply systems</subfield></datafield><datafield ind1=" " ind2=" " tag="260"><subfield code="a">Delft, Technische Hogeschool, 1971, 208p</subfield></datafield><datafield ind1=" " ind2=" " tag="852"><subfield code="a">77129</subfield></datafield></record></collection>